<collection xmlns="http://www.loc.gov/MARC21/slim">
<record>
  <leader>01042nam0a22002051i 450 </leader>
  <controlfield tag="001">IT\ICCU\CNCE\066075</controlfield>
  <controlfield tag="005">20060817000000.0</controlfield>
  <datafield tag="100" ind1=" " ind2=" ">
    <subfield code="a">20060816d1550        0itac0103    ba</subfield>
  </datafield>
  <datafield tag="101" ind1=" " ind2=" ">
    <subfield code="a">ITA</subfield>
  </datafield>
  <datafield tag="102" ind1=" " ind2=" ">
    <subfield code="a">IT</subfield>
  </datafield>
  <datafield tag="200" ind1="1" ind2=" ">
    <subfield code="a">Tutte le opere di Nicolo Machiauelli cittadino et secretario fiorentino, diuise in V parti et di nuouo con somma accuratezza ristampate</subfield>
  </datafield>
  <datafield tag="210" ind1=" " ind2=" ">
    <subfield code="a">Geneva</subfield>
    <subfield code="d">presso Pietro Chouet</subfield>
    <subfield code="d">1550</subfield>
  </datafield>
  <datafield tag="215" ind1=" " ind2=" ">
    <subfield code="a">5 pt.</subfield>
    <subfield code="d">4ʻ</subfield>
  </datafield>
  <datafield tag="300" ind1=" " ind2=" ">
    <subfield code="a">Contraffazione del XVII secolo, databile al 1635-36. Cfr.: S. Bertelli - P. Innocenti, Bibliografia machiavelliana, n. 205b. - 1: \4!, 8, 351, \1! p.; 2: \4!, 116.; 3: 14, \2!, 304 p.; 4: 168 p.; 5: 170, \2! p</subfield>
  </datafield>
  <datafield tag="700" ind1=" " ind2="1">
    <subfield code="a">Machiavelli,</subfield>
    <subfield code="b"></subfield>
    <subfield code="3">IT\ICCU\CNCA\004508</subfield>
  </datafield>
  <datafield tag="790" ind1=" " ind2="1">
    <subfield code="a">Machiavelli,</subfield>
    <subfield code="b"></subfield>
    <subfield code="3">IT\ICCU\CNCA\019601</subfield>
    <subfield code="z"></subfield>
  </datafield>
  <datafield tag="790" ind1=" " ind2="1">
    <subfield code="a">Macchiavelli,</subfield>
    <subfield code="b"></subfield>
    <subfield code="3">IT\ICCU\CNCA\019602</subfield>
    <subfield code="z"></subfield>
  </datafield>
  <datafield tag="790" ind1=" " ind2="1">
    <subfield code="a">Macchiavelli,</subfield>
    <subfield code="b"></subfield>
    <subfield code="3">IT\ICCU\CNCA\019603</subfield>
    <subfield code="z"></subfield>
  </datafield>
  <datafield tag="801" ind1=" " ind2="3">
    <subfield code="a">IT</subfield>
    <subfield code="b">ICCU</subfield>
    <subfield code="c">20201115</subfield>
  </datafield>
  <datafield tag="899" ind1=" " ind2=" ">
    <subfield code="a">Biblioteca nazionale centrale. Firenze</subfield>
    <subfield code="1">FI0098</subfield>
    <subfield code="2">CFI CF</subfield>
  </datafield>
</record>
</collection>
